% Books
% =====

@book{Russell1903,
  author={Bertrand Russell},
  title={The Principles of Mathematics},
  publisher={Cambridge University Press},
  year={1903}
}

@book{Rudin1953,
  author={Walter Rudin},
  title={Principles of Mathematical Analysis},
  year={1953},
  publisher={McGraw Hill}
}

@book{Morse1965,
  author={Anthony Perry Morse and Trevor J. McMinn},
  title={A theory of sets},
  year={1965},
  publisher={Academic Press}
}

@book{Kelley1975,
  author={John L. Kelley},
  title={General Topology},
  year={1975},
  publisher={Springer}
}

@book{Smullyan1978,
   title={What is the name of this book? -- The riddle of Dracula and other logical puzzles},
   author={Raymond M. Smullyan},
   publisher={Prentice-Hall},
   year={1978}
}

@book{Frege1980,
   title={The Philosophical and Mathematical Correspondence},
   author={Gottlob Frege},
   editor={Gottfried Gabriel and Hans Hermes and Friedrich Kambartel and Christial Thiel and Albert Veraart},
   publisher={Basil Blackwell},
   year={1980}
}

@book{Cantor1991,
  author={Georg Cantor},
  editor={Herbert Meschkowski and Winfried Nilson},
  title={Briefe},
  publisher={Springer-Verlag Berlin Heidelberg},
  year={1991}
}

@book{Ebbinghaus1991,
  author={Georg Cantor},
  editor={Heinz-Dieter Ebbinghaus and others},
  title={Numbers},
  publisher={Springer Science},
  year={1991}
}

@book{Burton2005,
  author={Georg Cantor},
  editor={David M. Burton},
  title={Elementary Number Theory},
  publisher={McGraw-Hill Higher Education},
  year={2005}
}


% Articles
% ========

@article{Cantor1891,
  author={Georg Cantor},
  title={Über eine elementare Frage der Mannigfaltigskeitslehre},
  year={1891},
  journal={Jahresbericht der Deutschen Mathematiker-Vereinigung},
  volume={1},
  pages={75--78}
}

@article{BuraliForti1897,
  author={Cesare Burali-Forti},
  title={Una questione sui numeri transfiniti},
  year={1897},
  journal={Rendiconti del Circolo Matematico di Palermo},
  volume={11},
  pages={154--164},
  DOI={10.1007/BF03015911}
}

@article{Koenig1905,
  author={Gyula Kőnig},
  title={Zum Kontinuumsproblem},
  year={1905},
  journal={Mathematische Annalen},
  volume={60}
}

@article{Hausdorff1908,
  author={Felix Hausdorff},
  title={Grundzüge einer Theorie der geordneten Mengen},
  year={1908},
  journal={Mathematische Annalen},
  volume={65},
  pages={435--505},
  publisher={Teubner}
}

@article{Russell1919,
  author={Bertrand Russell},
  title={The Philosophy of Logical Atomism},
  year={1919},
  journal={The Monist},
  volume={29},
  issue={3},
  pages={345--380},
  DOI={10.5840/monist19192937}
}

@article{Knaster1928,
  author={Bronisław Knaster},
  title={Un théorème sur les fonctions d'ensembles},
  journal={Ann. Soc. Polon. Math},
  volume={6},
  pages={133--134},
  year={1928}
}

@article{Curry1942,
  author={Haskell B. Curry},
  title={The inconsistency of certain formal logics},
  journal={Journal of Symbolic Logic},
  volume={7},
  number={13},
  pages={115--117},
  year={1942}
}

@article{Furstenberg1955,
  author={Harry Furstenberg},
  title={On the Infinitude of Primes},
  journal={The American Mathematical Monthly},
  volume={62},
  number={1},
  year={1955}
}

@article{Tarski1955,
  author={Alfred Tarski},
  title={A lattice-theoretical fixpoint theorem and its applications},
  journal={Pacific Journal of Mathematics},
  volume={5},
  issue={2},
  pages={285--309},
  year={1955}
}

@article{Myhill1958,
  author={John Myhill},
  journal={Logique Et Analyse},
  number={1},
  publisher={Association for Symbolic Logic},
  title={Problems Arising in the Formalization of Intensional Logic},
  volume={1},
  year={1958},
  pages={78--83},
  DOI={10.2307/2272577}
}

@article{Pelletier1986,
  title={Seventy-five problems for Testing Automatic Theorem Provers},
  author={Francis Jeffry Pelletier},
  journal={Journal of Automated Reasoning},
  year={1986},
  volume={2},
  pages={191--216}
}

@article{Huber1993,
  author={R. Huber},
  title={Continuous Valuations},
  year={1993},
  journal={Mathematische Zeitschrift},
  volume={212},
  pages={455--477},
  publisher={Springer},
  url={http://virtualmath1.stanford.edu/~conrad/Perfseminar/refs/Hubercontval.pdf}
}

@article{PeckhausKahl2002,
  author={Volker Peckhaus and Reinhard Kahl},
  title={Hilbert's Paradox},
  year={2002},
  journal={Historia Mathematica},
  volume={29},
  issue={2},
  pages={157--175},
  DOI={10.1006/hmat.2002.2345}
}

@article{Scholze2012,
  author={Peter Scholze},
  title={Perfectoid Spaces},
  year={2012},
  journal={Publications Mathématiques de l'{IHÉS}},
  volume={116},
  page={245--13},
  publisher={Springer}
}

@article{Schroeder2012,
  author={Bernd S. W. Schröder},
  title={The fixed point property for ordered sets},
  year={2012},
  journal={Arabian Journal of Mathematics},
  volume={1},
  pages={529--547},
  publisher={Springer}
}

@article{BuzzardCommelinMassot2019,
  author={Kevin Buzzard and Johan Commelin and Patrick Massot},
  title={Formalising Perfectoid Spaces},
  journal={CoRR},
  volume={abs/1910.12320},
  year={2019},
  url={http://arxiv.org/abs/1910.12320}
}

@article{DeLonKoepkeLorenzenMartiSchuetzWenzel2021,
  author={Adrian De Lon and Peter Koepke and Anton Lorenzen and Adrian Marti and Marcel Schütz and Makarius Wenzel},
  title={The {Isabelle}/{Naproche} Natural Language Proof Assistant},
  editor={André Platzer and Geoff Sutcliffe},
  year={2021},
  journal={Automated Deduction -- CADE 28, Lecture Notes in Computer Science},
  volume={12699},
  publisher={Springer}
}


% Unpublished
% ===========

@unpublished{Paskevich2007,
  author={Andrei Paskevich},
  title={The Syntax and Semantics of the {ForTheL} Language},
  year={2007},
  url={http://nevidal.org/download/forthel.pdf}
}

@unpublished{Wedhhorn2019,
  author={Torsten Wedhorn},
  title={Adic Spaces},
  year={2019},
  url={https://arxiv.org/abs/1910.05934v1}
}

@unpublished{Scholze2022,
  author={Peter Scholze},
  title={Étale cohomology of diamonds},
  year={2022},
  url={https://arxiv.org/abs/1709.07343v3}
}


% Lecture notes
% =============

@unpublished{Koepke2018,
  author={Peter Koepke},
  title={Set Theory},
  year={2018/19},
  url={http://www.math.uni-bonn.de/ag/logik/teaching/2018WS/set_theory/current_scriptum.pdf},
  note={Lecture notes}
}


% Websites
% ========

@online{Wiedijk_100Theorems,
  author={Freek Wiedijk},
  title={Formalizing 100 Theorems},
  url={https://www.cs.ru.nl/~freek/100},
  urldate={2023-10-14}
}


% Software
% ========

@misc{Eprover,
  title={The E Theorem Prover},
  url={https://eprover.org}
}

@misc{Isabelle,
  title={The Isabelle Proof Assistant},
  url={https://isabelle.in.tum.de}
}

@misc{Lean,
  title={The Lean Proof Assistant},
  url={https://lean-lang.org/}
}

@misc{Naproche,
  title={The Naproche Natural Proof Checker},
  url={https://naproche.github.io}
}

@misc{SAD,
  title={The SAD Proof Checker},
  url={http://nevidal.org/sad.en.html}
}

@misc{Vampire,
  title={The Vampire Theorem Prover},
  url={https://vprover.github.io/}
}
