@article{Cantor1891,
  author={Georg Cantor},
  title={Über eine elementare Frage der Mannigfaltigskeitslehre},
  year={1891},
  journal={Jahresbericht der Deutschen Mathematiker-Vereinigung},
  volume={1},
  pages={75--78}
}

@article{BuraliForti1897,
  author={Cesare Burali-Forti},
  title={Una questione sui numeri transfiniti},
  year={1897},
  journal={Rendiconti del Circolo Matematico di Palermo},
  volume={11},
  pages={154--164},
  DOI={10.1007/BF03015911}
}

@article{Koenig1905,
  author={Gyula Kőnig},
  title={Zum Kontinuumsproblem},
  year={1905},
  journal={Mathematische Annalen},
  volume={60}
}

@book{Hessenberg1906,
  author={Gerhard Hessenberg},
  title={Grundbegriffe der Mengenlehre},
  publisher={Vandenhoeck und Ruprecht, Göttingen},
  year={1906}
}

@article{Hausdorff1908,
  author={Felix Hausdorff},
  title={Grundzüge einer Theorie der geordneten Mengen},
  year={1908},
  journal={Mathematische Annalen},
  volume={65},
  pages={435--505},
  publisher={Teubner}
}

@article{Furstenberg1955,
  author={Harry Furstenberg},
  title={On the Infinitude of Primes},
  journal={The American Mathematical Monthly},
  volume={62},
  number={1},
  year={1955}
}

@book{Cantor1991,
  author={Georg Cantor},
  editor={Herbert Meschkowski and Winfried Nilson},
  title={Briefe},
  publisher={Springer-Verlag Berlin Heidelberg},
  year={1991}
}

@article{PeckhausKahl2002,
  author={Volker Peckhaus and Reinhard Kahl},
  title={Hilbert's Paradox},
  year={2002},
  journal={Historia Mathematica},
  volume={29},
  issue={2},
  pages={157--175},
  DOI={10.1006/hmat.2002.2345}
}

@article{Schroeder2012,
  author={Bernd S. W. Schröder},
  title={The fixed point property for ordered sets},
  year={2012},
  journal={Arabian Journal of Mathematics},
  volume={1},
  pages={529--547},
  publisher={Springer}
}

@unpublished{Koepke2018,
  author={Peter Koepke},
  title={Set Theory},
  year={2018/19},
  url={http://www.math.uni-bonn.de/ag/logik/teaching/2018WS/set_theory/current_scriptum.pdf},
  note={Lecture notes}
}
